4776 5846
534 605 575 670 16

533 791 710 877 μάτων,.οΙ.
732 793 820 858 Sexi.
842 795 878 858 E.
897 794 978 878 Hyp.
1002 790 1062 873 ΙΙΙ,
1091 797 1152 858 137
1174 794 1247 859 ndu.
1271 793 1368 858 Mati.
1382 793 1423 876 X,
1448 799 1522 860 21⁹.
1566 782 1710 860 Treicum
1732 799 1827 876 igitur
1844 796 1953 864 beilum
1975 819 2010 865 re
2025 821 2100 866 veru

534 901 654 983 quidem
682 917 759 960 nunc
788 916 846 961 non
870 901 976 978 exiet,
1004 898 1141 978 queniam
1173 897 1216 959 iili
1241 897 1375 960 homines
1404 899 1601 981 iampridem
1633 905 1729 964 morie
1749 903 1965 970 occubuerunt.
2018 907 2101 972 Dicit

534 1005 639 1086 iisque
667 1019 729 1064 rem
760 1003 803 1065 iis
830 1020 865 1064 se
893 1001 1025 1082 hebere,
1057 1005 1091 1064 ut
1115 1019 1166 1062 res
1197 1005 1309 1080 gestae
1332 1006 1364 1065 ct
1387 1021 1500 1084 perse
1524 1005 1647 1083 exient,
1677 1004 1759 1068 nulla
1788 1010 1953 1090 temporum
1983 1011 2099 1073 retinnc

535 1105 657 1184 habite,
685 1107 718 1166 ei
744 1107 829 1167 certo
859 1105 987 1186 quedam
1020 1108 1156 1186 ternpore
1183 1105 1297 1168 suerint
1326 1107 1411 1169 cuius
1438 1109 1580 1170 eventum
1600 1107 1748 1172 ddcuninr.
1803 1111 1889 1175 Unde
1910 1129 1969 1174 non
1995 1113 2099 1176 dubito

534 1209 722 1274 scribendum
747 1225 838 1270 esse:

813 1331 950 1394 namque
970 1309 1060 1372 aliud
1080 1328 1139 1388 per
1158 1330 1193 1372 se
1216 1319 1284 1391 esi,
1312 1313 1393 1374 aliut
1410 1314 1657 1390 temporibus
1674 1317 1752 1394 ipsis

814 1422 958 1476 eventum
979 1412 1041 1475 dici
1061 1417 1193 1493 poterit,
1223 1415 1427 1498 quodcunque
1446 1419 1506 1478 erit
1525 1425 1641 1482 actum.

534 1523 572 1585 ci.
597 1520 682 1602 Epic.
707 1538 758 1600 up.
782 1517 880 1595 Ding.
903 1514 1007 1580 Lucri.
1031 1515 1072 1595 X,
1089 1519 1130 1579 54
1156 1511 1292 1602 καὶμὴν
1317 1513 1372 1580 καὶ
1393 1501 1454 1593 vd}
1475 1509 1614 1599 ἀτόμους
1635 1515 1805 1604 νομιστέον
1823 1518 1982 1607 μηδεμίαν
2003 1521 2098 1590 ποιό-

532 1645 612 1710 τητα
639 1621 701 1685 τῶν
727 1613 929 1706 φαινομένων
949 1613 1198 1704 προςφέρεσθαι
1227 1615 1312 1705 πλὴν
1342 1612 1503 1707 σχήματος
1530 1618 1586 1686 καὶ
1616 1615 1736 1710 βάρους
1765 1621 1820 1688 καὶ
1841 1621 2013 1710 μεγέθους,
2043 1625 2099 1693 καὶ

533 1722 595 1791 ὅσα
620 1721 657 1804 ἐξ
677 1716 812 1809 ἀνάγκης
835 1717 978 1808 σχήματα
1001 1725 1128 1808 συμφυῆ
1151 1717 1230 1786 ἐστι’.
1281 1716 1417 1809 ποιότης
1438 1720 1497 1810 γὰρ
1519 1725 1613 1789 πᾶσα
1634 1720 1842 1811 μεταβάλλει,
1875 1721 1911 1792 αἱ
1934 1729 1962 1794 d'
1982 1725 2098 1814 ότομοι

531 1827 629 1916 μηδὲν
649 1818 895 1910 μεταβάλλουσι.

633 1938 667 1996 ct
686 1933 726 1994 ib.
749 1935 811 1995 68:
1472 2011 1475 2018 ,

634 2034 722 2100 ταῦτ’
744 2024 798 2099 οὖν
820 2025 992 2098 πάντατὰ
1015 2026 1252 2116 διαλογίσματα
1273 2021 1395 2115 όνόγων
1419 2055 1471 2110 τις
1493 2030 1552 2099 ἐπὶ
1579 2031 1621 2098 τὰ
1643 2027 1740 2123 πάθη
1761 2033 1816 2101 καὶ
1837 2033 1895 2114 τὰς
1915 2031 2096 2126 αἰσθήσεις,
2122 2043 2127 2054 ’

530 2132 727 2229 μνημονεύων
754 2141 819 2202 τῶν
851 2133 884 2201 έν
912 2131 989 2223 ἀρχῇ
1018 2132 1181 2223 ρηθέντων
1210 2129 1328 2212 ἱκανῶς
1357 2129 1537 2224 κατόψεται
1565 2141 1635 2215 τοῖς
1661 2132 1778 2219 τόποις
1808 2137 2097 2228 ἐμπεριειλημμένα

530 2240 578 2322 εἷς
603 2241 640 2310 τὸ
664 2238 748 2306 κατὰ
770 2236 866 2326 μέρος
889 2231 958 2304 dni
979 2233 1097 2304 τούτων
1118 2235 1370 2324 ἐξακριβοῦσθαι
1397 2237 1546 2324 βεβαίως.
1599 2232 1681 2307 ἀλλὰ
1709 2242 1770 2334 μην
1799 2242 1853 2309 καὶ
1882 2243 1923 2310 τὰ
1952 2240 2096 2334 σχήματα

531 2346 587 2414 καὶ
607 2345 649 2412 τὰ
666 2339 820 2446 χριόματα
841 2340 897 2408 καὶ
925 2341 1049 2430 μεγέθη
1076 2340 1192 2407 καὶτὰ
1216 2336 1318 2428 βόρεα
1346 2341 1401 2408 καὶ
1433 2341 1481 2410 ὅσ
1501 2339 1583 2410 iiiia
1602 2352 1823 2436 κατηγορεῖται
1852 2349 1907 2414 τοῦ
1937 2342 2094 2432 σώματος,

530 2447 644 2530 eparci
663 2440 887 2536 συμβεβηκότα
910 2442 930 2535 ἢ
952 2451 1056 2511 πᾶσιν
1076 2441 1097 2534 ἢ
1124 2449 1193 2524 τοῖς
1215 2441 1344 2533 ὁρατοῖς
1365 2444 1422 2512 καὶ
1445 2446 1528 2522 κατὰ
1555 2447 1612 2538 τὴν
1634 2446 1792 2539 αἴσθησιν
1810 2445 1908 2540 αὐτὴν
1931 2455 2094 2536 γνωστοῖς,

530 2551 595 2620 οὔδ’
618 2549 662 2634 ὡς
683 2552 762 2618 καθ’
784 2545 898 2628 ἑαυτάς
920 2545 984 2615 εἶσι
1006 2544 1119 2637 φύσεις
1140 2546 1323 2628 δοξαστέον.

632 2659 657 2740 Ι,
679 2663 743 2722 600
765 2657 833 2720 iibri
857 2675 1005 2719 manuscr.
1028 2655 1178 2736 praebent
1466 2721 1470 2728 .

735 2772 800 2826 tum
821 2779 915 2839 porro
936 2762 1081 2844 quonium
1102 2767 1151 2820 est
1168 2767 1341 2822 extremum
1363 2757 1505 2837 quodque
1525 2779 1674 2822 cacumen

735 2868 872 2944 corperis
894 2865 994 2942 iliius,
1015 2863 1098 2945 quud
1117 2865 1216 2924 nostri
1237 2883 1364 2924 cemere
1385 2881 1497 2923 sensus

734 2973 798 3032 iam
818 2976 992 3052 nequeunt,
1018 2968 1053 3030 id
1069 2971 1215 3030 nimirum
1236 2969 1304 3028 sine
1322 2964 1465 3042 partibus
1487 2973 1584 3025 estut.

633 3073 700 3136 ΙΙοο
731 3073 799 3135 Ιοσο
822 3069 1030 3133 Lachmannus
1062 3090 1135 3132 usus
1160 3073 1209 3132 esi
1234 3069 1271 3130 ed
1300 3066 1489 3128 inserendam
1513 3065 1646 3128 Lucretii
1668 3068 1798 3130 sermoni
1817 3063 1995 3149 perticulam
2018 3074 2092 3154 quin

529 3200 603 3242 num
619 3179 708 3259 (quia
730 3198 805 3238 num
821 3209 860 3219 —
873 3161 984 3255 uilici,
1009 3206 1049 3216 -
1069 3170 1281 3251 nequeunti).
1324 3170 1389 3232 Sed
1411 3168 1486 3232 haec
1501 3171 1579 3231 reiin
1600 3172 1655 3232 vix
1669 3172 1792 3253 probari
1814 3175 1920 3252 poiesi
1938 3174 2092 3254 reputanti

530 3285 642 3366 quanin
671 3297 765 3361 opere
796 3277 844 3340 hic
873 3281 966 3358 pecie
996 3275 1054 3337 sibi
1084 3280 1207 3338 constet
1231 3278 1260 3337 in
1293 3273 1398 3336 verbis
1430 3272 1621 3354 usurpandis.
1682 3275 1783 3356 Atque
1811 3273 1898 3338 huius
1923 3276 2092 3358 particulae

529 3384 700 3467 exempinrn
723 3383 812 3445 deest
832 3381 914 3463 apud
935 3381 1114 3444 Lucretium.
1160 3378 1267 3461 linque
1290 3377 1425 3442 codicum
1445 3377 1624 3458 scripturam
1646 3377 1774 3438 retineo.
1820 3377 1876 3442 ΙΙΙο
1896 3398 1969 3440 usur
1992 3381 2092 3462 parii-

529 3491 615 3556 cnlec
635 3489 781 3572 μιυοίστι
803 3483 871 3546 eliis
900 3483 977 3546 locis
1005 3482 1210 3562 confirmatur,
1238 3481 1324 3543 veint
1353 3479 1406 3560 ΙΙΙ,
1432 3481 1494 3540 548
1510 3483 1626 3544 -562,
1652 3482 1848 3544 een-638.
1878 3481 1933 3563 lv,
1960 3487 2002 3546 26
2021 3501 2090 3565 sqq.

528 3593 569 3675 V,
591 3594 664 3656 235.
708 3588 772 3654 Sed
787 3604 959 3678 ,pronomen
979 3589 1062 3650 ullus
1084 3587 1149 3648 sine
1168 3585 1343 3666 negationis
1372 3583 1520 3666 particule
1540 3601 1599 3646 non
1622 3589 1752 3666 usurpat
1773 3585 1942 3650 Lucretius.
1974 3585 2091 3669 dieque

528 3697 669 3779 susplccr
689 3695 833 3775 scriptun
857 3692 972 3752 fuisse:

809 3798 954 3880 quonium
974 3803 1021 3856 cet
1043 3803 1215 3858 ετΙτειιτυοι
1236 3792 1379 3878 quodque
1397 3813 1547 3854 cacumen

809 3901 946 3978 corporis
967 3901 1160 3978 cuiusvis,
1184 3895 1268 3980 pund
1287 3899 1388 3958 uestri
1407 3917 1534 3958 cernere
1554 3915 1665 3957 seruus

807 4007 873 4066 iam
895 4011 1070 4085 nequeunt,
1087 4003 1122 4063 id
1147 4003 1293 4064 nimirum
1315 4002 1383 4060 siue
1398 3999 1544 4082 partibus
1563 4007 1658 4061 cedat.
1715 4065 1718 4072 ,

631 4107 781 4192 Apncnpe
807 4107 883 4169 enim
907 4105 1028 4168 iiiternc
1055 4125 1071 4165 ε
1100 4105 1128 4166 in
1157 4103 1215 4166 fine
1240 4104 1325 4185 primi
1355 4102 1443 4184 pedis
1465 4119 1525 4164 non
1547 4105 1597 4166 est
1622 4103 1687 4163 sine
1713 4102 1870 4186 exemplo,
1903 4121 1961 4187 qne
1990 4103 2028 4168 de
2059 4125 2091 4169 rc

529 4214 599 4277 uide
622 4213 700 4275 inira
720 4211 758 4272 ad
773 4209 812 4292 V,
832 4213 905 4272 947.
951 4211 990 4272 ci.
1010 4210 1072 4270 749
1096 4229 1167 4270 cum
1188 4207 1350 4269 uideamus
1371 4207 1405 4268 id
1426 4214 1599 4267 extremum
1621 4209 1817 4284 cuiusque
1834 4229 1982 4270 cacumen
1999 4207 2092 4288 Esse,

529 4317 612 4398 qued
633 4316 678 4380 ud
700 4335 811 4378 sensus
831 4323 953 4376 nostros
974 4315 1134 4392 minimum
1162 4333 1231 4372 esse
1257 4311 1395 4384 videtur,
1429 4313 1462 4372 ct
1484 4309 1522 4370 de
1546 4327 1602 4370 usu
1630 4329 1718 4392 pron.
1749 4313 1848 4396 quiuis
1870 4309 1901 4389 Ι,
1926 4312 1988 4375 556
2018 4333 2092 4376 nam
2187 4360 2194 4381 .

527 4423 647 4508 quidvis
668 4422 758 4482 cilius
778 4418 908 4480 dissolui
922 4439 1018 4500 posse
1037 4417 1187 4479 uidemus.

628 4521 683 4606 ΙΙΙ,
709 4526 768 4585 198
793 4521 921 4582 nondum
944 4523 1020 4583 sniis
1044 4519 1230 4582 emendatum
1253 4535 1325 4580 csse
1349 4518 1480 4583 videtur.
1524 4519 1594 4598 dign
1614 4517 1776 4598 legendum
1799 4524 1892 4600 putu:

875 4633 1035 4686 utcontra
1059 4624 1199 4707 lapidum
1221 4624 1392 4686 conlectum
1412 4627 1459 4686 uis
1479 4625 1631 4708 aquilonis

875 4747 978 4790 noenu
997 4737 1110 4806 petest.
1330 4727 1333 4736 ’
