4776 5846
1816 655 1857 716 17

390 835 497 900 idest
528 857 565 901 ne
591 841 640 902 vis
670 839 788 922 quidem
810 842 896 903 venti
923 840 1097 902 saevissimi
1122 839 1253 921 lapidum
1276 857 1420 903 aceruum
1451 840 1579 904 disicere
1610 845 1724 925 potest.
1779 845 1855 908 Nam

289 960 351 1022 que
374 957 416 1002 ex
436 939 495 1004 166
519 963 552 1007 1.
580 946 641 1007 197
667 947 849 1024 61166661,
873 943 1354 1025 61116166661661661666.
1380 949 1406 1005 1.
1457 945 1510 1008 Sic
1537 945 1679 1007 6116616
1706 945 1765 1027 111,
1791 950 1853 1009 515

286 1045 483 1134 1611116666
507 1047 589 1130 quod
616 1046 742 1111 exhibet
764 1046 975 1128 Victorianus,
1006 1051 1101 1108 ortum
1128 1050 1177 1109 ost
1209 1065 1251 1108 ex
1278 1047 1335 1108 tine
1363 1047 1460 1110 bitum
1487 1048 1700 1131 praecedentis
1728 1069 1852 1132 versus,

288 1151 321 1210 et
351 1151 571 1234 5666616616
598 1155 816 1234 6166166616,
847 1170 888 1214 ex
918 1151 1058 1234 sequenti
1089 1168 1192 1212 versa.
1233 1184 1275 1194 -
1316 1154 1379 1214 617
1407 1153 1547 1215 omnibus
1577 1170 1619 1214 ex
1648 1154 1852 1235 praecedente

286 1253 486 1334 regionibus,
508 1251 562 1334 IV,
587 1257 766 1342 6661666
789 1275 827 1319 ex
849 1254 1055 1336 praecedente
1078 1255 1207 1316 1661166.

377 1353 507 1418 Versum
531 1357 663 1420 eiusdem
684 1359 752 1422 iibri
776 1362 839 1422 298
860 1360 925 1421 6166
947 1359 1026 1422 16616
1056 1375 1148 1422 66666
1174 1359 1247 1439 6661
1272 1359 1334 1420 295
1364 1375 1382 1420 6
1410 1358 1557 1422 6661666
1586 1365 1729 1424 remotum
1751 1361 1853 1426 bacb-

290 1474 412 1520 mannus
435 1459 609 1524 collocarit.
725 1449 728 1456 ’

286 1629 289 1636 λ
377 1559 417 1641 V,
439 1564 480 1626 35
505 1563 698 1627 Victorianus
721 1565 844 1630 exhibet

393 1689 396 1696 ’
640 1669 798 1732 Oceanum
824 1669 916 1749 (lege
944 1670 1082 1747 Oceani)
1097 1679 1228 1754 propter
1251 1671 1336 1731 littus
1357 1672 1526 1755 pelagique
1546 1691 1667 1734 sonoro.

374 1767 461 1851 Quod
482 1772 615 1853 accipin,
650 1791 709 1834 non
733 1776 831 1834 autent
847 1769 1173 1856 pelagequa‘sonoru.

374 1871 490 1936 Etenim
513 1873 673 1938 Lucretius
696 1875 774 1940 bunc
798 1877 974 1954 genetivum
995 1897 1059 1940 cum
1080 1861 1194 1938 nentro'
1210 1876 1354 1938 adiectivi
1377 1875 1469 1939 habet
1494 1877 1522 1937 16
1543 1876 1676 1957 deliciis,
1701 1897 1760 1960 quo
1785 1897 1849 1958 ge-

287 1975 418 2038 neralem
440 1979 539 2058 magis
563 1978 746 2062 longiusque
771 1984 925 2061 patentem
941 1981 1065 2042 asciscit
1083 1981 1232 2042 notionem
1256 1985 1321 2043 tota
1344 1980 1447 2042 dlctio.
1476 1978 1621 2060 Exempla
1637 1985 1708 2046 suat
1726 2003 1847 2061 serena,

284 2082 433 2164 sublima,
464 2091 575 2166 aperta
592 2092 801 2168 promptaque
821 2085 916 2162 caeli,
945 2075 1073 2146 caerula
1095 2085 1191 2163 caeli,
1221 2087 1319 2146 terrai
1347 2083 1471 2162 abdita,
1498 2086 1618 2145 munita
1639 2089 1718 2166 viai,
1748 2095 1848 2150 strato

285 2185 425 2264 uiarum,
466 2205 615 2249 saeorum
652 2197 789 2267 structa,
827 2197 938 2250 cuncta
973 2191 1053 2268 viui,
1091 2209 1170 2249 caua
1209 2188 1417 2266 calamorum,
1457 2187 1567 2248 atoma
1602 2209 1701 2271 opaca
1736 2199 1847 2272 saepta

285 2285 459 2368 dmnoruna,
484 2291 589 2352 aliena
611 2313 774 2374 rogorum,
799 2293 907 2353 uitalia
927 2313 1040 2353 rerum.

368 2391 417 2452 De
448 2393 544 2454 verbo
577 2395 794 2478 designandi,
825 2393 904 2476 quod
939 2394 968 2454 16
1001 2392 1038 2472 V,
1071 2396 1134 2456 947
1164 2391 1369 2455 1661666666
1401 2391 1575 2476 effinxerat,
1609 2393 1747 2458 iudicium
1779 2398 1847 2464 tulit

282 2489 470 2556 Ritscbelius
499 2496 529 2556 in
550 2487 648 2559 Catai.
677 2497 750 2560 lect.
775 2497 833 2559 bib.
866 2496 961 2559 Bonn.
994 2499 1089 2560 1851.
1138 2493 1171 2556 16
1200 2493 1258 2558 166
1286 2494 1355 2557 1666
1385 2494 1576 2559 Victorianus
1606 2496 1703 2577 tegit:
1733 2501 1846 2564 clarior

283 2598 429 2658 uocitata
445 2599 539 2679 61166
557 2617 652 2662 6666.
697 2599 873 2678 Legendom
896 2618 967 2662 esse
991 2599 1102 2662 iudicat
1115 2597 1299 2660 ititscbetius
1322 2597 1425 2682 targu’
1440 2603 1516 2661 61161
1536 2601 1610 2664 1616.
1654 2601 1718 2664 Sed
1741 2603 1845 2668 obstat

196 2771 199 2778 Ι
283 2699 408 2778 611666
434 2701 515 2783 qnod
540 2701 696 2766 Lucretius
720 2707 854 2766 6161661
876 2707 938 2766 cire
963 2704 1054 2783 dixit,
1083 2702 1138 2764 sed
1159 2721 1217 2764 uua
1241 2706 1347 2766 citare.
1402 2698 1519 2765 Deinde
1541 2721 1616 2764 vero
1636 2703 1674 2765 ab
1705 2723 1843 2790 apocope
1939 2692 1942 2701 ’

282 2801 404 2867 litterae
433 2825 449 2866 s
476 2805 514 2866 de
542 2824 601 2888 qua
628 2823 662 2867 v.
691 2806 846 2872 dissertat.
876 2813 1010 2868 nostram
1039 2806 1108 2870 1161.
1137 2809 1234 2886 1861,
1259 2825 1290 2887 p.
1319 2811 1357 2869 18
1390 2807 1419 2868 16
1448 2806 1543 2888 61166
1572 2805 1651 2887 pede
1683 2807 1842 2872 Lucretius

283 2907 429 2973 abstinuit
451 2911 588 2992 exceptis
612 2910 728 2972 duobus
760 2911 835 2974 iocis
869 2911 892 2992 1,
915 2915 978 2974 978
1009 2915 1040 2972 61
1067 2909 1105 2990 11,
1126 2915 1206 2989 162,
1237 2909 1343 2971 sedin
1367 2908 1414 2970 116
1438 2927 1555 2991 quoque
1579 2929 1595 2970 a
1618 2910 1646 2970 16
1674 2910 1734 2972 tine
1756 2913 1842 2994 primi

283 3011 371 3092 pedis
393 3017 459 3094 est,
480 3031 538 3076 uon
560 3014 589 3075 in
611 3013 719 3078 medio.
763 3013 871 3097 ltaque
894 3015 952 3076 alia
976 3013 1142 3076 emendatio
1167 3013 1338 3094 quaerenda
1362 3017 1426 3092 est,
1449 3031 1536 3096 quam
1560 2998 1696 3094 propono

692 3120 780 3181 clara
801 3141 874 3182 uoce
895 3128 985 3182 uocat
1004 3121 1141 3181 sitientia
1162 3119 1267 3180 saecla
1284 3119 1428 3201 ferarum

281 3218 322 3282 ut.
345 3217 400 3299 IV,
423 3223 484 3282 711
515 3243 663 3284 aurorum
686 3225 1213 3286 6161666666611666666666616.

366 3321 421 3404 lV,
447 3326 507 3387 158
527 3323 718 3390 Victorianus
1292 3383 1295 3390 .

692 3439 833 3493 dexterrae
857 3453 962 3493 rerum
983 3433 1084 3494 tenacis
1107 3439 1275 3512 teneasque
1293 3427 1428 3512 figuras.

363 3527 418 3591 Ex
439 3531 546 3613 quibus
571 3532 675 3594 verbis
698 3535 813 3596 conicio
837 3533 999 3613 legendum
1025 3552 1094 3596 esse

454 3643 639 3720 teneraeque
657 3638 797 3721 figurae,
824 3656 889 3700 nam
913 3639 1057 3719 repetitio
1077 3638 1165 3700 vocis
1188 3640 1288 3700 tenuia
1309 3652 1366 3696 noa
1389 3637 1438 3696 est
1460 3632 1612 3712 elegantis
1635 3640 1758 3714 poetae.

364 3737 412 3818 Vi,
435 3739 498 3800 362
519 3743 761 3824 interutrosque.
813 3742 860 3804 De
889 3741 945 3804 bae
966 3744 1062 3802 16166
1087 3758 1174 3822 quam
1197 3738 1330 3803 onraibus
1355 3736 1431 3799 locis
1455 3755 1558 3798 omnes
1581 3737 1702 3800 codices
1725 3740 1836 3802 coufir-

279 3845 394 3904 marunt
415 3842 486 3904 vide
510 3843 633 3904 dissert.
655 3849 788 3906 nostram
813 3865 844 3926 p.
864 3849 916 3910 28.

362 3945 411 4027 Vi,
435 3947 498 4007 755
525 3947 640 4009 1666116
668 3949 841 4011 6661661616
870 3949 954 4010 61666
980 3949 1103 4012 161666
1130 3947 1200 4010 ibus
1222 3945 1427 4009 baobmannus
1456 3945 1634 4024 usurpavit,
1668 3950 1776 4027 quain
1801 3969 1834 4011 re

279 4053 440 4128 praeterea
466 4049 609 4131 displicet
632 4049 719 4112 611616
740 4053 827 4114 vocis
848 4055 881 4114 oi
901 4053 929 4112 in
953 4055 1136 4134 correptam.
1179 4049 1242 4112 Res
1268 4047 1372 4110 661166
1392 4046 1531 4127 61616611
1552 4043 1727 4122 silegimus

492 4153 550 4214 aed
569 4161 685 4215 natura
706 4155 840 4217 locorum
865 4176 942 4239 opus
963 4157 1062 4240 efficit
1081 4159 1150 4238 ipsa
1173 4161 1293 4237 suapte.
1326 4152 1366 4214 ci.
1388 4149 1413 4227 1,
1440 4153 1508 4210 153.
1532 4147 1583 4226 Vl,
1608 4151 1659 4213 911.

363 4253 565 4318 1661666666
594 4255 623 4316 16
647 4253 867 4321 Commentario
897 4259 935 4322 ad
963 4255 989 4339 1,
1016 4262 1088 4322 830.
1120 4257 1174 4337 111,
1208 4260 1279 4320 231.
1309 4253 1362 4333 Vi,
1386 4256 1449 4315 719
1480 4253 1519 4315 61.
1547 4250 1601 4330 111,
1624 4256 1688 4315 2911
1721 4267 1752 4318 61
1779 4278 1835 4339 616

277 4361 370 4420 etiam
397 4356 637 4442 6161166611666
670 4359 700 4421 iu
726 4357 859 4426 Lucretii
890 4362 1281 4439 66161611661616616161,
1321 4360 1495 4438 suspectum
1527 4371 1598 4417 esse
1630 4361 1832 4439 corruptelae.

276 4459 381 4524 Motus
411 4463 509 4522 autem
538 4462 660 4523 videtur
688 4463 1034 4530 6116666661661166
1064 4483 1101 4528 eo
1130 4465 1316 4546 potissimum
1346 4457 1425 4541 quod
1453 4457 1533 4540 apud
1564 4457 1701 4522 Plautum
1738 4479 1834 4545 neque
1936 4484 1941 4494 ·

276 4563 464 4648 frequentior
487 4561 690 4627 6111166666
718 4583 775 4629 nec
804 4585 929 4649 anquam
959 4571 1024 4631 sine
1052 4571 1137 4631 metri
1166 4561 1523 4650 666166116616116666.
1577 4562 1641 4626 Sed
1669 4567 1702 4626 61
1730 4583 1832 4628 veram

275 4669 439 4749 fateamur,
469 4666 518 4728 vir
543 4667 619 4730 61166
640 4669 831 4733 acutissimus
859 4668 936 4734 bano
961 4691 1023 4735 rem
1051 4672 1137 4734 nobis
1162 4689 1219 4735 non
1248 4665 1412 4752 persuasit.
1467 4663 1542 4728 Nam
1574 4662 1672 4726 661116
1699 4667 1728 4727 16
1755 4662 1846 4731 locis'

275 4774 410 4855 quamvis
434 4770 569 4835 codicum
590 4773 767 4856 scriptoram
792 4775 972 4854 motaverit,
995 4779 1106 4839 61666
1128 4776 1229 4858 661616
1252 4773 1421 4850 666616161,
1444 4773 1543 4916 tumep
1564 4768 1696 4830 nonnniii
1717 4775 1835 4836 restant
