4776 5846
462 533 484 596 ii

464 727 579 813 Quibus
601 720 803 784 4444444444
831 707 908 783 baec
929 719 1013 783 addit
1034 717 1213 782 Lambinus:
1244 719 1354 799 „Post
1375 737 1496 782 versum
1528 719 1697 802 proximum
1725 719 1753 781 lu
1786 719 1921 781 omuibus
1943 719 2017 782 vul·

464 831 549 912 gatis
564 827 650 890 libris
665 823 811 908 (Aldlncs
826 827 857 888 et
872 822 1029 887 Vicetincs
1049 819 1188 903 excipio]
1207 823 1398 904 reperiuntur
1417 823 1476 908 duo
1501 841 1611 888 versus
1626 822 1722 905 inepti
1739 824 1771 885 et
1785 824 2019 906 supervacanei.

463 937 571 1017 ltaque
601 948 657 992 eos
687 928 797 1007 reieci,
826 929 1007 1010 praesertim
1031 945 1096 989 cum
1122 925 1222 991 abslut
1246 943 1264 987 a
1286 926 1481 1006 manuscript.
1510 930 1543 986 et
1568 927 1597 987 ln
1624 923 1729 990 codice
1751 925 1869 990 4444444
1891 925 2020 990 Pontanl

465 1037 557 1102 deleti
578 1031 673 1096 sint.“
718 1027 848 1093 lmltatlo
870 1048 945 1093 4444
968 1031 1099 1110 apparet
1121 1046 1162 1090 ex
1184 1046 1278 1091 44444
1301 1033 1364 1092 425
1387 1029 1472 1110 lpso;
1494 1027 1601 1092 delude
1622 1029 1681 1091 lam
1702 1030 1816 1094 44422
1825 1049 1872 1114 sq.
1892 1029 1930 1092 de
1952 1047 2021 1093 cor·

465 1141 590 1227 poribus
610 1133 739 1200 iucundo
760 1151 853 1195 44444
876 1133 1023 1214 praeditis
1043 1135 1137 1214 poeta
1161 1131 1313 1195 disseruit.
1357 1129 1526 1214 Composlti
1549 1149 1620 1194 4444
1637 1131 1777 1197 videntur
1798 1131 1829 1196 bl
1850 1151 1961 1196 uersus
1984 1131 2022 1196 ab

466 1245 569 1328 aliquo
588 1243 657 1304 4444
676 1238 783 1316 docto,
808 1239 860 1319 qui
881 1251 1003 1297 versum
1028 1238 1091 1297 425
1114 1234 1276 1317 dupllclter
1298 1253 1354 1318 per
1375 1253 1507 1300 errorem
1529 1237 1673 1318 scriptum
1696 1255 1761 1300 cum
1784 1236 1919 1316 videret,
1940 1253 2022 1298 4444

470 1366 564 1411 versu
586 1345 658 1408 ficto
683 1359 744 1402 rem
768 1340 856 1403 etlam
879 1341 979 1418 magis
1001 1339 1239 1421 perturbaverit.
1262 1377 1267 1382 -

573 1447 759 1525 Forbigerns
783 1465 814 1525 p.
829 1449 892 1507 247
916 1443 955 1505 44
975 1444 1013 1505 444
1036 1443 1105 1505 44444
1130 1444 1264 1507 adnotat.

573 1552 651 1615 Post
670 1547 710 1611 44.
735 1549 903 1610 52844444
925 1545 1060 1609 lacunam
1083 1549 1241 1611 coustituit
1262 1547 1467 1628 8444444444,
1490 1565 1568 1632 quae
1590 1545 1734 1631 expletur
1753 1548 1783 1610 in
1799 1545 1835 1610 V.
1849 1545 1909 1612 boc
1931 1563 2025 1610 versu

470 1663 545 1722 inira
566 1655 686 1718 addito:

725 1755 816 1832 Quod
835 1756 980 1838 quostiam
1002 1754 1111 1834 domei,
1134 1776 1218 1819 nuno
1237 1757 1429 1839 suaviloquia
1447 1777 1509 1839 age
1523 1758 1647 1839 pouces.

471 1865 564 1949 Quem
591 1876 715 1924 4444444
743 1857 918 1919 Lambinum
949 1875 1072 1939 quoque
1100 1859 1128 1920 44
1161 1858 1318 1923 codicibus
1346 1860 1502 1922 iuvenisse
1535 1859 1653 1922 eteius
1686 1857 1809 1920 silentio
1838 1861 1970 1938 apparet
1999 1860 2032 1920 et

472 1973 554 2032 teste
576 1963 687 2048 4444444
708 1959 833 2022 eundem
857 1977 980 2022 4444444
1009 1962 1038 2022 44
1068 1964 1214 2024 contextu
1241 1961 1404 2024 exhibente
1432 1961 1630 2026 confirmetur.
1684 1959 1771 2024 Hunc
1799 1960 1930 2041 spurium
1959 1977 2029 2022 esse

472 2073 550 2136 4444
578 2085 630 2130 444
657 2067 807 2144 arguunt:
839 2064 963 2144 primum
992 2081 1114 2145 semper
1142 2065 1301 2129 Lucretius
1333 2065 1406 2129 dicit
1433 2071 1518 2128 nunc
1547 2087 1627 2150 age,
1655 2081 1713 2128 nou
1741 2065 1893 2145 separatis
1924 2063 2029 2125 verbis

472 2181 565 2258 atque
586 2173 616 2233 in
636 2168 784 2232 enunciatl
812 2168 960 2249 principio
980 2169 1108 2248 positis:
1136 2168 1244 2230 444444
1274 2171 1476 2254 suauiloquue
1501 2186 1560 2231 nou
1586 2172 1635 2231 est
1656 2167 1805 2248 Lucretii,
1833 2169 1880 2231 cui
1917 2167 2030 2250 placuit

474 2280 624 2358 elingere
645 2274 876 2355 suaviloquens.
920 2271 985 2334 Sed
1006 2272 1203 2352 Beruaysiuur
1225 2272 1458 2354 prudentissimo
1479 2272 1589 2336 4441444
1613 2271 1747 2351 lacunam
1772 2272 1919 2336 statuisse
1941 2273 2029 2335 testi·

474 2383 572 2449 monio
595 2381 644 2442 est
666 2377 830 2459 insequens
857 2376 1006 2438 44444444.
1056 2374 1174 2437 Versus
1196 2379 1295 2438 autem
1319 2381 1382 2439 522
1403 2376 1443 2438 44
1464 2379 1527 2439 528
1550 2375 1589 2440 44
1614 2375 1702 2457 primi
1728 2373 1799 2437 libri
1821 2379 2030 2455 argumentum

476 2485 630 2571 pertinent
653 2481 702 2543 ubi
728 2479 766 2541 44
787 2479 894 2542 atomis
918 2479 948 2540 in
971 2479 1143 2541 4444444444
1167 2483 1261 2560 poeta
1285 2479 1418 2543 disserit.
1467 2479 1526 2543 llic
1546 2482 1621 2561 post
1641 2479 1820 2542 mentionem
1843 2477 2031 2542 diversitatis

475 2592 641 2670 figurarum
668 2588 831 2647 atomorum
861 2581 947 2644 locus
978 2584 1046 2643 erat
1068 2581 1106 2643 44
1135 2582 1271 2665 pondere
1301 2601 1402 2645 eorum
1432 2583 1557 2645 4444444
1586 2584 1618 2645 44
1646 2581 1853 2660 magnitudine
1879 2581 2031 2645 disserere

475 2711 553 2779 quac
582 2688 710 2753 strictim
741 2687 769 2748 44
798 2683 846 2765 44,
878 2690 931 2747 84.
962 2690 1023 2748 484
1049 2686 1173 2765 attigit,
1201 2686 1239 2748 de
1260 2705 1319 2769 quo
1339 2707 1372 2749 4.
1396 2687 1490 2770 Diog.
1514 2685 1616 2750 baert.
1644 2683 1693 2765 X,
1719 2688 1762 2746 44
1791 2679 1871 2770 φησί
1894 2683 1922 2748 4’
1943 2680 2032 2750 4444-

473 2792 557 2880 as'por
578 2786 658 2876 μηδὲ
679 2779 839 2872 ποιότητά
866 2809 938 2850 τινα
963 2783 1040 2871 περὶ
1063 2783 1121 2863 τὰς
1147 2779 1286 2870 ἀτόμους
1313 2777 1393 2852 εἶναι
1416 2785 1500 2875 πλὴν
1521 2783 1682 2874 σχήματος
1709 2781 1765 2850 καὶ
1791 2783 1949 2872 μεγέθους
1976 2787 2033 2854 καὶ

475 2892 629 2984 βάρους.
673 2895 713 2956 44.
734 2892 813 2955 Ρ444.
838 2892 920 2956 Ρ444.
942 2891 967 2971 4,
993 2897 1024 2970 8,
1048 2895 1098 2954 29.
1960 2963 1963 2970 ,

581 3000 613 3063 44
636 2997 689 3060 444.
710 2996 788 3058 libro
811 3015 844 3056 4.
865 2999 907 3058 97
929 2993 976 3058 444
999 2997 1137 3078 sequitur
1158 2996 1335 3060 interiectus
1358 2998 1469 3059 ceteris
1491 2998 1520 3058 44
1544 2994 1719 3059 Victoriana
1735 3013 1860 3059 versus:

795 3099 944 3176 Quamvis
966 3100 1063 3160 multu
1086 3099 1209 3182 quidem
1229 3103 1405 3182 sapieniam
1426 3100 1518 3161 turbu
1533 3107 1698 3182 putarunt.
1777 3091 1780 3100 ‘

584 3205 670 3268 Hunc
693 3220 815 3265 versum
836 3201 863 3263 44
885 3203 954 3284 lpse
976 3201 1143 3283 Marullus,
1168 3201 1249 3284 quod
1271 3205 1378 3265 444444
1399 3201 1555 3285 Saupplus
1576 3203 1597 3264 l.
1617 3203 1637 3264 l.
1659 3223 1691 3284 p.
1715 3209 1765 3284 10,
1787 3205 2034 3287 conscripsisset,

478 3328 553 3376 sane
569 3310 714 3393 putarint
734 3309 908 3368 4444444444.
942 3301 1009 3367 4444
1032 3323 1088 3366 444
1110 3303 1149 3366 44
1170 3324 1263 3368 44444
1284 3305 1420 3368 44444444
1436 3307 1483 3368 ‘cx
1504 3306 1791 3389 antiquiorecodice
1808 3304 1885 3372 bunc
1902 3327 2036 3388 4444444,

481 3417 532 3501 qui
554 3414 688 3477 lacunam
709 3410 786 3472 satis
808 3408 885 3470 44444
907 3408 1032 3490 explet,
1052 3408 1175 3470 4444444
1197 3408 1359 3491 putandum
1383 3413 1448 3490 est,
1472 3409 1552 3492 quod
1575 3410 1763 3474 confirmatur
1785 3429 1823 3474 eo
1843 3413 1921 3496 quod
1937 3421 2034 3495 putu-

479 3529 528 3586 444
550 3517 698 3581 drantius
720 3512 824 3575 edidit.

585 3619 698 3683 Aldina
715 3621 787 3698 post
809 3613 861 3695 444,
885 3617 947 3678 till
968 3614 1046 3678 bunc
1069 3633 1191 3699 quoque
1214 3634 1335 3678 versum
1364 3633 1450 3698 quem
1468 3615 1505 3678 V.
1525 3617 1554 3678 in
1576 3617 1714 3696 margine
1734 3618 1865 3699 praebet
1886 3615 2034 3681 continet:

794 3719 966 3802 gauderet,
985 3720 1165 3802 praelongo
1186 3739 1284 3782 senec
1305 3727 1343 3781 ut
1364 3741 1481 3783 comus
1504 3741 1624 3783 cereos.

482 3830 540 3893 4444
561 3844 670 3889 444444
700 3821 842 3916 44444444
870 3821 997 3905 quodam
1028 3822 1147 3886 ellictus
1176 3825 1226 3884 est
1256 3825 1421 3887 orationem
1450 3842 1582 3888 mancam
1609 3843 1682 3888 esse
1710 3826 1921 3900 existimante;
1949 3825 2034 3889 culus

484 3927 643 3996 44444444
667 3928 736 4008 ipso
761 3925 1126 4009 adiectivo'prccbague
1148 3927 1302 4007 arguitur,
1325 3927 1404 4009 quod
1428 3945 1446 3988 4
1468 3926 1601 3992 Lucretii
1624 3947 1762 3994 sermone
1783 3925 1935 3992 abhorret.
1965 3996 1967 4002 ,

590 4031 651 4094 laur
675 4047 742 4093 eum
763 4049 795 4092 4.
819 4029 869 4111 qui
889 4031 962 4110 post
982 4026 1037 4089 lv.
1061 4033 1122 4090 584
1145 4029 1175 4090 44
1194 4027 1231 4090 V.
1255 4031 1352 4092 extat:

825 4130 939 4194 Rauca
960 4133 1018 4194 ves
1042 4141 1073 4193 st
1091 4133 1150 4193 iter
1171 4131 1269 4194 laedit
1292 4153 1355 4216 qua
1374 4153 1436 4195 oon¹
1453 4137 1480 4195 it
1498 4137 1531 4196 in
1554 4155 1651 4198 ouras

488 4255 636 4327 qne-quc
657 4233 966 4301 nocimentorum
990 4233 1138 4298 adlectum
1161 4253 1233 4296 esse
1256 4241 1380 4315 censet,
1401 4236 1562 4300 Lambinus
1577 4257 1611 4301 se
1633 4240 1662 4301 lu
1684 4256 1831 4304 manuscr.
1851 4239 1958 4305 scribit
1979 4258 2037 4304 444

486 4345 652 4410 444444444,
694 4338 803 4420 Neque
826 4344 876 4401 est
896 4337 1013 4400 dublum
1036 4339 1105 4420 quin
1125 4337 1167 4400 sit
1188 4341 1272 4401 crtus
1297 4357 1339 4400 ex
1362 4358 1392 4402 4.
1415 4344 1479 4402 432
1499 4341 1548 4404 444
1566 4343 1681 4424 scripto
1706 4360 1763 4425 per
1781 4329 1924 4408 error'em.

592 4443 675 4508 luter
698 4439 754 4522 444,
777 4444 841 4502 820
861 4443 894 4504 44
916 4447 980 4504 822
1001 4443 1144 4524 apposita
1165 4459 1255 4506 cruce
1279 4443 1401 4505 immissi
1424 4447 1495 4507 sunt
1515 4443 1546 4508 bi
1565 4445 1625 4509 duc
1649 4464 1779 4510 versus:

789 4545 904 4608 scilicet
926 4565 947 4609 a
969 4567 1046 4644 sero
1067 4548 1161 4632 louge
1180 4549 1303 4610 ratione
1323 4555 1473 4610 remotam

791 4655 848 4711 4444
870 4650 945 4726 quia
965 4670 1028 4712 mon
1051 4653 1184 4714 44444444
1205 4653 1328 4714 omnino
1344 4651 1445 4734 plenu
1464 4651 1587 4715 4444444.
