4776 5846
531 699 575 764 20

536 895 684 955 tenentur.
732 889 839 974 Neque
859 890 934 952 enirn
956 887 1076 950 dubium
1099 885 1220 950 videtur
1241 879 1310 968 quin
1329 887 1487 950 Lucretius
1512 886 1538 947 si
1555 883 1620 947 vita
1642 885 1671 946 ei
1692 884 1939 967 suppeditasset,
1962 888 2092 968 septimo

535 995 611 1056 libro
638 1012 676 1056 ea
703 997 886 1074 tractasset,
914 1009 992 1076 quae
1021 993 1136 1055 intacta
1163 989 1284 1072 reliquit
1305 989 1392 1051 velut
1419 979 1531 1066 δόξας,
1560 983 1599 1049 τὸ
1628 982 1823 1073 προσμένον,
1856 983 1914 1065 τὰς
1934 981 2091 1071 ἐπιβολὰς

535 1095 591 1182 τῆς
620 1089 778 1174 διανοίας,
808 1087 909 1180 βάρος
935 1099 1000 1158 τῶν
1029 1083 1171 1175 ἀτόμων,
1201 1094 1440 1176 scripsissetquc
1470 1093 1508 1155 de
1538 1110 1660 1154 nurnero
1684 1091 1834 1172 Deorum,
1865 1092 1903 1155 dc
1932 1093 2092 1175 voluptate

537 1200 728 1283 expetenda,
749 1201 787 1262 de
809 1201 969 1281 voluptate
993 1201 1030 1261 ala
1053 1199 1186 1261 omnihus
1210 1197 1409 1260 animantibus
1433 1195 1590 1277 expetita,
1613 1194 1783 1276 voluptatis
1805 1214 1898 1258 causa
1921 1214 1997 1277 opus
2020 1215 2092 1259 esse

536 1305 660 1386 dolore,
689 1323 829 1366 summurn
852 1302 960 1364 bonurn
983 1320 1054 1364 esse
1073 1300 1275 1379 intellectura,
1308 1299 1345 1360 de
1371 1297 1580 1361 recordatione
1604 1297 1788 1380 voluptatis,
1811 1299 1979 1380 sapientem
2003 1301 2092 1363 etiam

536 1411 564 1472 iu
596 1415 743 1472 tormento
767 1408 887 1470 beatum
915 1425 1002 1487 esse,
1031 1404 1218 1487 voluptatem
1247 1404 1334 1466 animi
1357 1407 1518 1484 praestare
1540 1419 1725 1483 corporeae,
1757 1402 1843 1464 animi
1866 1381 1999 1466 dolorem
2020 1423 2092 1466 cor-

535 1515 620 1594 poris
643 1512 747 1575 doloro
768 1511 943 1590 grauiorem
966 1529 1054 1591 esse,
1083 1499 1236 1593 φρόνησιν
1258 1508 1381 1588 primam
1405 1523 1475 1567 esso
1498 1506 1641 1576 virtutem
1667 1502 1775 1565 deinde
1798 1505 1969 1587 consilinm,
2001 1506 2092 1570 lorti-

538 1617 665 1679 tudinem
687 1616 846 1692 iustitiam,
871 1613 908 1674 dc
935 1612 1034 1675 officio
1053 1612 1136 1674 vitae
1159 1611 1320 1693 tranquille
1343 1610 1516 1690 degendae,
1539 1611 1576 1671 dc
1599 1607 1686 1670 nrodo
1705 1609 1812 1690 cuique
1836 1609 1873 1670 ad
1894 1630 1978 1673 anam
2000 1615 2092 1674 natu-

536 1740 597 1782 ram
625 1719 835 1800 inuoluptate
858 1715 1043 1794 adhibendo,
1077 1713 1115 1776 de
1139 1713 1331 1795 republica,
1362 1713 1400 1774 dc
1423 1713 1564 1774 amicitia.
1613 1709 1646 1773 ln
1670 1711 1716 1774 tris
1739 1711 1865 1794 plurimo
1886 1714 1989 1776 inesse
2014 1732 2092 1797 quae

535 1843 648 1887 suurnro
671 1841 765 1904 opere
787 1824 910 1904 poctanr
932 1819 1105 1896 allicerent,
1135 1819 1201 1900 quis
1227 1823 1275 1879 est
1297 1817 1365 1900 quin
1386 1807 1564 1892 intelligat?

619 1927 721 2010 Atque
743 1926 830 1989 nobis
857 1923 974 2008 quidem
1002 1925 1125 2004 praeter
1151 1939 1187 1982 ca
1216 1939 1294 2004 qnae
1317 1917 1522 1984 Lachmannus
1551 1919 1634 1979 uncis
1661 1919 1801 2000 inclusit,
1829 1920 2021 2000 segregandi
2044 1922 2091 1983 vi-

535 2032 642 2094 dcntur
668 2048 779 2091 versus
801 2029 836 2108 V,
860 2027 1058 2090 noe-783.
1094 2022 1366 2104 ll,991-1oo1.
1417 2021 1461 2084 At
1489 2020 1554 2081 sinc
1585 2019 1693 2082 idonea
1723 2041 1816 2084 causo
1843 2023 1887 2104 ll,
1909 2027 2098 2088 ooo-528·

536 2136 619 2196 uncis
648 2133 779 2216 inclusit.
829 2126 946 2195 Contra
963 2128 1001 2209 ll,
1025 2129 1208 2191 529—531
1232 2129 1318 2188 erant
1339 2123 1519 2205 separandi,
1554 2142 1619 2184 narn
1643 2124 1719 2206 qood
1749 2127 1779 2186 in
1803 2127 1839 2188 iis
1861 2129 2025 2208 promittit,
2056 2146 2092 2190 se

536 2239 806 2302 demonstraturum
834 2255 922 2315 esse,
953 2233 1114 2315 primordia
1143 2232 1286 2294 nratoriae
1320 2228 1455 2290 nundum
1485 2229 1657 2307 continere,
1688 2229 1884 2312 sequentibus
1907 2251 1965 2295 non
1988 2231 2091 2296 cilicii.

535 2341 598 2405 Sed
621 2342 658 2405 de
681 2341 727 2404 luis
751 2340 880 2422 aliisque
903 2337 994 2400 rebus
1016 2335 1074 2400 alio
1097 2338 1128 2399 ct
1148 2336 1217 2398 loco
1240 2337 1272 2409 et
1294 2336 1430 2416 tempore
1454 2349 1550 2410 agero
1572 2330 1659 2393 nobis
1683 2334 1732 2396 cst
1752 2321 1950 2416 propositum.

1161 2687 1204 2694 ..-.
1215 2684 1379 2693 ..Μ-ψ·
1390 2683 1467 2692 ἰιι-ι·-
